<record><leader>00000cas a2200000 a 4500</leader><controlfield tag="001">304341898</controlfield><controlfield tag="008">090213c20099999waudr ne      |   a0eng  </controlfield><datafield ind1=" " ind2=" " tag="010"><subfield code="a">  2013273421</subfield></datafield><datafield ind1=" " ind2=" " tag="040"><subfield code="a">WRJ</subfield><subfield code="b">eng</subfield><subfield code="c">WRJ</subfield><subfield code="d">WRJ</subfield><subfield code="d">DLC</subfield><subfield code="d">OCLCF</subfield></datafield><datafield ind1=" " ind2=" " tag="012"><subfield code="m">1</subfield></datafield><datafield ind1="0" ind2=" " tag="022"><subfield code="a">2332-0079</subfield><subfield code="2">1</subfield></datafield><datafield ind1=" " ind2=" " tag="032"><subfield code="a">181740</subfield><subfield code="b">USPS</subfield></datafield><datafield ind1=" " ind2=" " tag="037"><subfield code="b">Josh O'Conner, Sound Publishing Inc., 1213 California St., Everett, WA 98201</subfield></datafield><datafield ind1=" " ind2=" " tag="042"><subfield code="a">pcc</subfield><subfield code="a">nsdp</subfield></datafield><datafield ind1=" " ind2=" " tag="043"><subfield code="a">n-us-wa</subfield></datafield><datafield ind1="1" ind2="0" tag="050"><subfield code="a">ISSN RECORD</subfield></datafield><datafield ind1="1" ind2="4" tag="050"><subfield code="a">Newspaper</subfield></datafield><datafield ind1="1" ind2="0" tag="082"><subfield code="a">071</subfield><subfield code="2">23</subfield></datafield><datafield ind1="0" ind2=" " tag="130"><subfield code="a">Daily herald (Everett, Wash.)</subfield></datafield><datafield ind1=" " ind2="4" tag="222"><subfield code="a">The Daily herald</subfield><subfield code="b">(Everett, Wash.)</subfield></datafield><datafield ind1="1" ind2="4" tag="245"><subfield code="a">The daily herald.</subfield></datafield><datafield ind1="3" ind2="0" tag="246"><subfield code="a">Herald</subfield></datafield><datafield ind1=" " ind2=" " tag="260"><subfield code="a">Everett, WA :</subfield><subfield code="b">Daily Herald Co.,</subfield><subfield code="c">2009-</subfield></datafield><datafield ind1=" " ind2=" " tag="300"><subfield code="a">v. :</subfield><subfield code="b">ill. ;</subfield><subfield code="c">56 cm.</subfield></datafield><datafield ind1=" " ind2=" " tag="310"><subfield code="a">Daily</subfield></datafield><datafield ind1="0" ind2=" " tag="362"><subfield code="a">02.10.09-</subfield></datafield><datafield ind1=" " ind2=" " tag="500"><subfield code="a">Title from caption.</subfield></datafield><datafield ind1=" " ind2=" " tag="530"><subfield code="a">Also available on Internet.</subfield></datafield><datafield ind1=" " ind2=" " tag="588"><subfield code="a">Latest issue consulted: 10.25.2013 (surrogate).</subfield></datafield><datafield ind1=" " ind2="0" tag="651"><subfield code="a">Everett (Wash.)</subfield><subfield code="v">Newspapers.</subfield></datafield><datafield ind1=" " ind2="7" tag="655"><subfield code="a">Newspapers.</subfield><subfield code="2">fast</subfield><subfield code="0">(OCoLC)fst01423814</subfield></datafield><datafield ind1=" " ind2="7" tag="651"><subfield code="a">Washington (State)</subfield><subfield code="z">Everett.</subfield><subfield code="2">fast</subfield><subfield code="0">(OCoLC)fst01213637</subfield></datafield><datafield ind1=" " ind2=" " tag="752"><subfield code="a">United States</subfield><subfield code="b">Washington</subfield><subfield code="c">Snohomish</subfield><subfield code="d">Everett.</subfield></datafield><datafield ind1="0" ind2="0" tag="780"><subfield code="t">Herald (Everett, Wash.)</subfield><subfield code="w">(DLC)sn 86071992</subfield><subfield code="w">(OCoLC)9331946</subfield></datafield><datafield ind1="4" ind2="1" tag="856"><subfield code="u">http://www.heraldnet.com/</subfield><subfield code="z">View the HeraldNet website</subfield></datafield></record>